@book{oppenheim,
  title="Discrete-Time Signal Processing",
  author="Alan V. Oppenheim and Ronald W. Schafer and John R. Buck",
  publisher="Prentice Hall"
}
